%YAML 1.1
%TAG !u! tag:unity3d.com,2011:
--- !u!1 &6839052048873131137
GameObject:
  m_ObjectHideFlags: 0
  m_CorrespondingSourceObject: {fileID: 0}
  m_PrefabInstance: {fileID: 0}
  m_PrefabAsset: {fileID: 0}
  serializedVersion: 6
  m_Component:
  - component: {fileID: 6839052048872902881}
  m_Layer: 0
  m_Name: mixamorig:Spine
  m_TagString: Untagged
  m_Icon: {fileID: 0}
  m_NavMeshLayer: 0
  m_StaticEditorFlags: 0
  m_IsActive: 1
--- !u!4 &6839052048872902881
Transform:
  m_ObjectHideFlags: 0
  m_CorrespondingSourceObject: {fileID: 0}
  m_PrefabInstance: {fileID: 0}
  m_PrefabAsset: {fileID: 0}
  m_GameObject: {fileID: 6839052048873131137}
  m_LocalRotation: {x: -0.123552226, y: 0.014638371, z: -0.0020144258, w: 0.9922281}
  m_LocalPosition: {x: -6.883383e-17, y: 0.56064713, z: 0.015122633}
  m_LocalScale: {x: 1, y: 1, z: 1}
  m_Children:
  - {fileID: 6839052048872902887}
  m_Father: {fileID: 6839052048872902873}
  m_RootOrder: 2
  m_LocalEulerAnglesHint: {x: -8.928185, y: 0.4419146, z: -1.9368713}
--- !u!1 &6839052048873131139
GameObject:
  m_ObjectHideFlags: 0
  m_CorrespondingSourceObject: {fileID: 0}
  m_PrefabInstance: {fileID: 0}
  m_PrefabAsset: {fileID: 0}
  serializedVersion: 6
  m_Component:
  - component: {fileID: 6839052048872902883}
  m_Layer: 0
  m_Name: mixamorig:RightUpLeg
  m_TagString: Untagged
  m_Icon: {fileID: 0}
  m_NavMeshLayer: 0
  m_StaticEditorFlags: 0
  m_IsActive: 1
--- !u!4 &6839052048872902883
Transform:
  m_ObjectHideFlags: 0
  m_CorrespondingSourceObject: {fileID: 0}
  m_PrefabInstance: {fileID: 0}
  m_PrefabAsset: {fileID: 0}
  m_GameObject: {fileID: 6839052048873131139}
  m_LocalRotation: {x: -0.0025918055, y: -0.5830306, z: 0.81131065, w: -0.042938974}
  m_LocalPosition: {x: -0.46677768, y: -0.31139266, z: 0.096156165}
  m_LocalScale: {x: 1, y: 1, z: 1}
  m_Children:
  - {fileID: 6839052048872902907}
  m_Father: {fileID: 6839052048872902873}
  m_RootOrder: 1
  m_LocalEulerAnglesHint: {x: 82.99764, y: -92.49737, z: 79.84711}
--- !u!1 &6839052048873131141
GameObject:
  m_ObjectHideFlags: 0
  m_CorrespondingSourceObject: {fileID: 0}
  m_PrefabInstance: {fileID: 0}
  m_PrefabAsset: {fileID: 0}
  serializedVersion: 6
  m_Component:
  - component: {fileID: 6839052048872902885}
  m_Layer: 0
  m_Name: mixamorig:Spine2
  m_TagString: Untagged
  m_Icon: {fileID: 0}
  m_NavMeshLayer: 0
  m_StaticEditorFlags: 0
  m_IsActive: 1
--- !u!4 &6839052048872902885
Transform:
  m_ObjectHideFlags: 0
  m_CorrespondingSourceObject: {fileID: 0}
  m_PrefabInstance: {fileID: 0}
  m_PrefabAsset: {fileID: 0}
  m_GameObject: {fileID: 6839052048873131141}
  m_LocalRotation: {x: -0.14373404, y: 0.0087280115, z: 0.0031823209, w: 0.98957276}
  m_LocalPosition: {x: -0, y: 0.7478016, z: 8.881784e-18}
  m_LocalScale: {x: 1, y: 1, z: 1}
  m_Children:
  - {fileID: 6839052048872902853}
  - {fileID: 6839052048872902861}
  - {fileID: 6839052048872902905}
  m_Father: {fileID: 6839052048872902887}
  m_RootOrder: 0
  m_LocalEulerAnglesHint: {x: 0.12932202, y: -0.22829962, z: -0.338644}
--- !u!1 &6839052048873131143
GameObject:
  m_ObjectHideFlags: 0
  m_CorrespondingSourceObject: {fileID: 0}
  m_PrefabInstance: {fileID: 0}
  m_PrefabAsset: {fileID: 0}
  serializedVersion: 6
  m_Component:
  - component: {fileID: 6839052048872902887}
  m_Layer: 0
  m_Name: mixamorig:Spine1
  m_TagString: Untagged
  m_Icon: {fileID: 0}
  m_NavMeshLayer: 0
  m_StaticEditorFlags: 0
  m_IsActive: 1
--- !u!4 &6839052048872902887
Transform:
  m_ObjectHideFlags: 0
  m_CorrespondingSourceObject: {fileID: 0}
  m_PrefabInstance: {fileID: 0}
  m_PrefabAsset: {fileID: 0}
  m_GameObject: {fileID: 6839052048873131143}
  m_LocalRotation: {x: -0.14360087, y: 0.010601064, z: 0.0037116834, w: 0.989572}
  m_LocalPosition: {x: -0, y: 0.65432614, z: -4.440892e-18}
  m_LocalScale: {x: 1, y: 1, z: 1}
  m_Children:
  - {fileID: 6839052048872902885}
  m_Father: {fileID: 6839052048872902881}
  m_RootOrder: 0
  m_LocalEulerAnglesHint: {x: 0.12908232, y: -0.19468291, z: -0.3939219}
--- !u!1 &6839052048873131147
GameObject:
  m_ObjectHideFlags: 0
  m_CorrespondingSourceObject: {fileID: 0}
  m_PrefabInstance: {fileID: 0}
  m_PrefabAsset: {fileID: 0}
  serializedVersion: 6
  m_Component:
  - component: {fileID: 6839052048872902891}
  - component: {fileID: 6839052048876241399}
  m_Layer: 0
  m_Name: pessoinha
  m_TagString: Untagged
  m_Icon: {fileID: 0}
  m_NavMeshLayer: 0
  m_StaticEditorFlags: 0
  m_IsActive: 1
--- !u!4 &6839052048872902891
Transform:
  m_ObjectHideFlags: 0
  m_CorrespondingSourceObject: {fileID: 0}
  m_PrefabInstance: {fileID: 0}
  m_PrefabAsset: {fileID: 0}
  m_GameObject: {fileID: 6839052048873131147}
  m_LocalRotation: {x: -0.7071068, y: -2.1150369e-14, z: -1.9361789e-14, w: 0.7071067}
  m_LocalPosition: {x: -0.014415854, y: 0.76684034, z: 0.056722533}
  m_LocalScale: {x: 99.215576, y: 99.215576, z: 192.16219}
  m_Children: []
  m_Father: {fileID: 6839052048872902871}
  m_RootOrder: 3
  m_LocalEulerAnglesHint: {x: 0, y: 0, z: 0}
--- !u!137 &6839052048876241399
SkinnedMeshRenderer:
  m_ObjectHideFlags: 0
  m_CorrespondingSourceObject: {fileID: 0}
  m_PrefabInstance: {fileID: 0}
  m_PrefabAsset: {fileID: 0}
  m_GameObject: {fileID: 6839052048873131147}
  m_Enabled: 1
  m_CastShadows: 1
  m_ReceiveShadows: 1
  m_DynamicOccludee: 1
  m_MotionVectors: 1
  m_LightProbeUsage: 1
  m_ReflectionProbeUsage: 1
  m_RenderingLayerMask: 1
  m_RendererPriority: 0
  m_Materials:
  - {fileID: 2100000, guid: 757637bc2d4942c4b8ec0bbbd5207463, type: 2}
  m_StaticBatchInfo:
    firstSubMesh: 0
    subMeshCount: 0
  m_StaticBatchRoot: {fileID: 0}
  m_ProbeAnchor: {fileID: 0}
  m_LightProbeVolumeOverride: {fileID: 0}
  m_ScaleInLightmap: 1
  m_PreserveUVs: 0
  m_IgnoreNormalsForChartDetection: 0
  m_ImportantGI: 0
  m_StitchLightmapSeams: 0
  m_SelectedEditorRenderState: 3
  m_MinimumChartSize: 4
  m_AutoUVMaxDistance: 0.5
  m_AutoUVMaxAngle: 89
  m_LightmapParameters: {fileID: 0}
  m_SortingLayerID: 0
  m_SortingLayer: 0
  m_SortingOrder: 0
  serializedVersion: 2
  m_Quality: 0
  m_UpdateWhenOffscreen: 0
  m_SkinnedMotionVectors: 1
  m_Mesh: {fileID: 4300004, guid: c84eb2826b49ec6499b3c1511b39b532, type: 3}
  m_Bones:
  - {fileID: 6839052048872902887}
  - {fileID: 6839052048872902885}
  - {fileID: 6839052048872902879}
  - {fileID: 6839052048872902853}
  - {fileID: 6839052048872902873}
  - {fileID: 6839052048872902863}
  - {fileID: 6839052048872902851}
  - {fileID: 6839052048872902849}
  - {fileID: 6839052048872902883}
  - {fileID: 6839052048872902861}
  - {fileID: 6839052048872902869}
  - {fileID: 6839052048872902881}
  - {fileID: 6839052048872902855}
  - {fileID: 6839052048872902877}
  - {fileID: 6839052048872902857}
  - {fileID: 6839052048872902905}
  - {fileID: 6839052048872902899}
  - {fileID: 6839052048872902903}
  - {fileID: 6839052048872902907}
  - {fileID: 6839052048872902897}
  - {fileID: 6839052048872902901}
  - {fileID: 6839052048872902909}
  m_BlendShapeWeights: []
  m_RootBone: {fileID: 6839052048872902873}
  m_AABB:
    m_Center: {x: -0.03512132, y: 0.23008966, z: -1.9180965}
    m_Extent: {x: 2.6001625, y: 5.259389, z: 3.2409172}
  m_DirtyAABB: 0
--- !u!1 &6839052048873131153
GameObject:
  m_ObjectHideFlags: 0
  m_CorrespondingSourceObject: {fileID: 0}
  m_PrefabInstance: {fileID: 0}
  m_PrefabAsset: {fileID: 0}
  serializedVersion: 6
  m_Component:
  - component: {fileID: 6839052048872902897}
  m_Layer: 0
  m_Name: mixamorig:RightFoot
  m_TagString: Untagged
  m_Icon: {fileID: 0}
  m_NavMeshLayer: 0
  m_StaticEditorFlags: 0
  m_IsActive: 1
--- !u!4 &6839052048872902897
Transform:
  m_ObjectHideFlags: 0
  m_CorrespondingSourceObject: {fileID: 0}
  m_PrefabInstance: {fileID: 0}
  m_PrefabAsset: {fileID: 0}
  m_GameObject: {fileID: 6839052048873131153}
  m_LocalRotation: {x: 0.084942766, y: 0.8783848, z: -0.46968365, w: 0.024942735}
  m_LocalPosition: {x: -0, y: 2.4977374, z: 0}
  m_LocalScale: {x: 1, y: 1, z: 1}
  m_Children:
  - {fileID: 6839052048872902909}
  m_Father: {fileID: 6839052048872902907}
  m_RootOrder: 0
  m_LocalEulerAnglesHint: {x: 45.554527, y: 179.4513, z: -5.8809705}
--- !u!1 &6839052048873131155
GameObject:
  m_ObjectHideFlags: 0
  m_CorrespondingSourceObject: {fileID: 0}
  m_PrefabInstance: {fileID: 0}
  m_PrefabAsset: {fileID: 0}
  serializedVersion: 6
  m_Component:
  - component: {fileID: 6839052048872902899}
  m_Layer: 0
  m_Name: mixamorig:RightArm
  m_TagString: Untagged
  m_Icon: {fileID: 0}
  m_NavMeshLayer: 0
  m_StaticEditorFlags: 0
  m_IsActive: 1
--- !u!4 &6839052048872902899
Transform:
  m_ObjectHideFlags: 0
  m_CorrespondingSourceObject: {fileID: 0}
  m_PrefabInstance: {fileID: 0}
  m_PrefabAsset: {fileID: 0}
  m_GameObject: {fileID: 6839052048873131155}
  m_LocalRotation: {x: -0.3302401, y: 0.89813274, z: 0.27807903, w: 0.0834935}
  m_LocalPosition: {x: -0, y: 0.77991384, z: 0}
  m_LocalScale: {x: 1, y: 1, z: 1}
  m_Children:
  - {fileID: 6839052048872902903}
  m_Father: {fileID: 6839052048872902905}
  m_RootOrder: 0
  m_LocalEulerAnglesHint: {x: -36.889957, y: -140.52336, z: -46.909664}
--- !u!1 &6839052048873131157
GameObject:
  m_ObjectHideFlags: 0
  m_CorrespondingSourceObject: {fileID: 0}
  m_PrefabInstance: {fileID: 0}
  m_PrefabAsset: {fileID: 0}
  serializedVersion: 6
  m_Component:
  - component: {fileID: 6839052048872902901}
  m_Layer: 0
  m_Name: mixamorig:RightHand
  m_TagString: Untagged
  m_Icon: {fileID: 0}
  m_NavMeshLayer: 0
  m_StaticEditorFlags: 0
  m_IsActive: 1
--- !u!4 &6839052048872902901
Transform:
  m_ObjectHideFlags: 0
  m_CorrespondingSourceObject: {fileID: 0}
  m_PrefabInstance: {fileID: 0}
  m_PrefabAsset: {fileID: 0}
  m_GameObject: {fileID: 6839052048873131157}
  m_LocalRotation: {x: 0, y: -0, z: -0, w: 1}
  m_LocalPosition: {x: 1.110223e-18, y: 1.5555761, z: 0}
  m_LocalScale: {x: 1, y: 1, z: 1}
  m_Children: []
  m_Father: {fileID: 6839052048872902903}
  m_RootOrder: 0
  m_LocalEulerAnglesHint: {x: 0, y: 0, z: 0}
--- !u!1 &6839052048873131159
GameObject:
  m_ObjectHideFlags: 0
  m_CorrespondingSourceObject: {fileID: 0}
  m_PrefabInstance: {fileID: 0}
  m_PrefabAsset: {fileID: 0}
  serializedVersion: 6
  m_Component:
  - component: {fileID: 6839052048872902903}
  m_Layer: 0
  m_Name: mixamorig:RightForeArm
  m_TagString: Untagged
  m_Icon: {fileID: 0}
  m_NavMeshLayer: 0
  m_StaticEditorFlags: 0
  m_IsActive: 1
--- !u!4 &6839052048872902903
Transform:
  m_ObjectHideFlags: 0
  m_CorrespondingSourceObject: {fileID: 0}
  m_PrefabInstance: {fileID: 0}
  m_PrefabAsset: {fileID: 0}
  m_GameObject: {fileID: 6839052048873131159}
  m_LocalRotation: {x: -0.008122606, y: 0.00011239892, z: -0.4507073, w: 0.89263487}
  m_LocalPosition: {x: -4.440892e-18, y: 1.4308, z: 0}
  m_LocalScale: {x: 1, y: 1, z: 1}
  m_Children:
  - {fileID: 6839052048872902901}
  m_Father: {fileID: 6839052048872902899}
  m_RootOrder: 0
  m_LocalEulerAnglesHint: {x: -0.84141356, y: 0.45469972, z: -55.19682}
--- !u!1 &6839052048873131161
GameObject:
  m_ObjectHideFlags: 0
  m_CorrespondingSourceObject: {fileID: 0}
  m_PrefabInstance: {fileID: 0}
  m_PrefabAsset: {fileID: 0}
  serializedVersion: 6
  m_Component:
  - component: {fileID: 6839052048872902905}
  m_Layer: 0
  m_Name: mixamorig:RightShoulder
  m_TagString: Untagged
  m_Icon: {fileID: 0}
  m_NavMeshLayer: 0
  m_StaticEditorFlags: 0
  m_IsActive: 1
--- !u!4 &6839052048872902905
Transform:
  m_ObjectHideFlags: 0
  m_CorrespondingSourceObject: {fileID: 0}
  m_PrefabInstance: {fileID: 0}
  m_PrefabAsset: {fileID: 0}
  m_GameObject: {fileID: 6839052048873131161}
  m_LocalRotation: {x: 0.4945118, y: -0.4502701, z: 0.7135503, w: 0.20871243}
  m_LocalPosition: {x: -0.35985172, y: 0.68837255, z: 0.004852409}
  m_LocalScale: {x: 1, y: 1, z: 1}
  m_Children:
  - {fileID: 6839052048872902899}
  m_Father: {fileID: 6839052048872902885}
  m_RootOrder: 2
  m_LocalEulerAnglesHint: {x: 68.65765, y: 85.29147, z: 171.17805}
--- !u!1 &6839052048873131163
GameObject:
  m_ObjectHideFlags: 0
  m_CorrespondingSourceObject: {fileID: 0}
  m_PrefabInstance: {fileID: 0}
  m_PrefabAsset: {fileID: 0}
  serializedVersion: 6
  m_Component:
  - component: {fileID: 6839052048872902907}
  m_Layer: 0
  m_Name: mixamorig:RightLeg
  m_TagString: Untagged
  m_Icon: {fileID: 0}
  m_NavMeshLayer: 0
  m_StaticEditorFlags: 0
  m_IsActive: 1
--- !u!4 &6839052048872902907
Transform:
  m_ObjectHideFlags: 0
  m_CorrespondingSourceObject: {fileID: 0}
  m_PrefabInstance: {fileID: 0}
  m_PrefabAsset: {fileID: 0}
  m_GameObject: {fileID: 6839052048873131163}
  m_LocalRotation: {x: 0.7374235, y: -0.051310193, z: -0.030823305, w: 0.67277324}
  m_LocalPosition: {x: -0, y: 2.5220664, z: 0}
  m_LocalScale: {x: 1, y: 1, z: 1}
  m_Children:
  - {fileID: 6839052048872902897}
  m_Father: {fileID: 6839052048872902883}
  m_RootOrder: 0
  m_LocalEulerAnglesHint: {x: 82.75245, y: -61.831425, z: -62.923096}
--- !u!1 &6839052048873131165
GameObject:
  m_ObjectHideFlags: 0
  m_CorrespondingSourceObject: {fileID: 0}
  m_PrefabInstance: {fileID: 0}
  m_PrefabAsset: {fileID: 0}
  serializedVersion: 6
  m_Component:
  - component: {fileID: 6839052048872902909}
  m_Layer: 0
  m_Name: mixamorig:RightToeBase
  m_TagString: Untagged
  m_Icon: {fileID: 0}
  m_NavMeshLayer: 0
  m_StaticEditorFlags: 0
  m_IsActive: 1
--- !u!4 &6839052048872902909
Transform:
  m_ObjectHideFlags: 0
  m_CorrespondingSourceObject: {fileID: 0}
  m_PrefabInstance: {fileID: 0}
  m_PrefabAsset: {fileID: 0}
  m_GameObject: {fileID: 6839052048873131165}
  m_LocalRotation: {x: 0.34813616, y: 0.06622478, z: -0.022980783, w: 0.93481946}
  m_LocalPosition: {x: 7.105427e-17, y: 1.2774658, z: 5.684342e-16}
  m_LocalScale: {x: 1, y: 1, z: 1}
  m_Children:
  - {fileID: 6839052048872902911}
  m_Father: {fileID: 6839052048872902897}
  m_RootOrder: 0
  m_LocalEulerAnglesHint: {x: 40.1975, y: 8.057211, z: 0.05325819}
--- !u!1 &6839052048873131167
GameObject:
  m_ObjectHideFlags: 0
  m_CorrespondingSourceObject: {fileID: 0}
  m_PrefabInstance: {fileID: 0}
  m_PrefabAsset: {fileID: 0}
  serializedVersion: 6
  m_Component:
  - component: {fileID: 6839052048872902911}
  m_Layer: 0
  m_Name: mixamorig:RightToe_End
  m_TagString: Untagged
  m_Icon: {fileID: 0}
  m_NavMeshLayer: 0
  m_StaticEditorFlags: 0
  m_IsActive: 1
--- !u!4 &6839052048872902911
Transform:
  m_ObjectHideFlags: 0
  m_CorrespondingSourceObject: {fileID: 0}
  m_PrefabInstance: {fileID: 0}
  m_PrefabAsset: {fileID: 0}
  m_GameObject: {fileID: 6839052048873131167}
  m_LocalRotation: {x: 0, y: -0, z: -0, w: 1}
  m_LocalPosition: {x: 1.7763568e-17, y: 0.49653876, z: -1.1368684e-15}
  m_LocalScale: {x: 1, y: 1, z: 1}
  m_Children: []
  m_Father: {fileID: 6839052048872902909}
  m_RootOrder: 0
  m_LocalEulerAnglesHint: {x: 0, y: 0, z: 0}
--- !u!1 &6839052048873131233
GameObject:
  m_ObjectHideFlags: 0
  m_CorrespondingSourceObject: {fileID: 0}
  m_PrefabInstance: {fileID: 0}
  m_PrefabAsset: {fileID: 0}
  serializedVersion: 6
  m_Component:
  - component: {fileID: 6839052048872902849}
  m_Layer: 0
  m_Name: mixamorig:LeftHand
  m_TagString: Untagged
  m_Icon: {fileID: 0}
  m_NavMeshLayer: 0
  m_StaticEditorFlags: 0
  m_IsActive: 1
--- !u!4 &6839052048872902849
Transform:
  m_ObjectHideFlags: 0
  m_CorrespondingSourceObject: {fileID: 0}
  m_PrefabInstance: {fileID: 0}
  m_PrefabAsset: {fileID: 0}
  m_GameObject: {fileID: 6839052048873131233}
  m_LocalRotation: {x: 0, y: -0, z: -0, w: 1}
  m_LocalPosition: {x: 4.440892e-18, y: 1.5555601, z: 0}
  m_LocalScale: {x: 1, y: 1, z: 1}
  m_Children: []
  m_Father: {fileID: 6839052048872902851}
  m_RootOrder: 0
  m_LocalEulerAnglesHint: {x: 0, y: 0, z: 0}
--- !u!1 &6839052048873131235
GameObject:
  m_ObjectHideFlags: 0
  m_CorrespondingSourceObject: {fileID: 0}
  m_PrefabInstance: {fileID: 0}
  m_PrefabAsset: {fileID: 0}
  serializedVersion: 6
  m_Component:
  - component: {fileID: 6839052048872902851}
  m_Layer: 0
  m_Name: mixamorig:LeftForeArm
  m_TagString: Untagged
  m_Icon: {fileID: 0}
  m_NavMeshLayer: 0
  m_StaticEditorFlags: 0
  m_IsActive: 1
--- !u!4 &6839052048872902851
Transform:
  m_ObjectHideFlags: 0
  m_CorrespondingSourceObject: {fileID: 0}
  m_PrefabInstance: {fileID: 0}
  m_PrefabAsset: {fileID: 0}
  m_GameObject: {fileID: 6839052048873131235}
  m_LocalRotation: {x: -0.003788496, y: -0.00011986308, z: 0.48533595, w: 0.87431955}
  m_LocalPosition: {x: 2.220446e-18, y: 1.4307895, z: 0}
  m_LocalScale: {x: 1, y: 1, z: 1}
  m_Children:
  - {fileID: 6839052048872902849}
  m_Father: {fileID: 6839052048872902879}
  m_RootOrder: 0
  m_LocalEulerAnglesHint: {x: -0.39032614, y: -0.25031742, z: 62.221752}
--- !u!1 &6839052048873131237
GameObject:
  m_ObjectHideFlags: 0
  m_CorrespondingSourceObject: {fileID: 0}
  m_PrefabInstance: {fileID: 0}
  m_PrefabAsset: {fileID: 0}
  serializedVersion: 6
  m_Component:
  - component: {fileID: 6839052048872902853}
  m_Layer: 0
  m_Name: mixamorig:LeftShoulder
  m_TagString: Untagged
  m_Icon: {fileID: 0}
  m_NavMeshLayer: 0
  m_StaticEditorFlags: 0
  m_IsActive: 1
--- !u!4 &6839052048872902853
Transform:
  m_ObjectHideFlags: 0
  m_CorrespondingSourceObject: {fileID: 0}
  m_PrefabInstance: {fileID: 0}
  m_PrefabAsset: {fileID: 0}
  m_GameObject: {fileID: 6839052048873131237}
  m_LocalRotation: {x: -0.44254938, y: -0.52369535, z: 0.6841098, w: -0.24877107}
  m_LocalPosition: {x: 0.35985172, y: 0.68833333, z: 0.003397364}
  m_LocalScale: {x: 1, y: 1, z: 1}
  m_Children:
  - {fileID: 6839052048872902879}
  m_Father: {fileID: 6839052048872902885}
  m_RootOrder: 0
  m_LocalEulerAnglesHint: {x: 68.772934, y: -73.41674, z: -178.03523}
--- !u!1 &6839052048873131239
GameObject:
  m_ObjectHideFlags: 0
  m_CorrespondingSourceObject: {fileID: 0}
  m_PrefabInstance: {fileID: 0}
  m_PrefabAsset: {fileID: 0}
  serializedVersion: 6
  m_Component:
  - component: {fileID: 6839052048872902855}
  m_Layer: 0
  m_Name: mixamorig:LeftLeg
  m_TagString: Untagged
  m_Icon: {fileID: 0}
  m_NavMeshLayer: 0
  m_StaticEditorFlags: 0
  m_IsActive: 1
--- !u!4 &6839052048872902855
Transform:
  m_ObjectHideFlags: 0
  m_CorrespondingSourceObject: {fileID: 0}
  m_PrefabInstance: {fileID: 0}
  m_PrefabAsset: {fileID: 0}
  m_GameObject: {fileID: 6839052048873131239}
  m_LocalRotation: {x: 0.55481946, y: 0.010113012, z: -0.09847665, w: 0.82606024}
  m_LocalPosition: {x: 7.105427e-17, y: 2.521476, z: 0}
  m_LocalScale: {x: 1, y: 1, z: 1}
  m_Children:
  - {fileID: 6839052048872902877}
  m_Father: {fileID: 6839052048872902863}
  m_RootOrder: 0
  m_LocalEulerAnglesHint: {x: 82.95916, y: 66.91609, z: 66.38365}
--- !u!1 &6839052048873131241
GameObject:
  m_ObjectHideFlags: 0
  m_CorrespondingSourceObject: {fileID: 0}
  m_PrefabInstance: {fileID: 0}
  m_PrefabAsset: {fileID: 0}
  serializedVersion: 6
  m_Component:
  - component: {fileID: 6839052048872902857}
  m_Layer: 0
  m_Name: mixamorig:LeftToeBase
  m_TagString: Untagged
  m_Icon: {fileID: 0}
  m_NavMeshLayer: 0
  m_StaticEditorFlags: 0
  m_IsActive: 1
--- !u!4 &6839052048872902857
Transform:
  m_ObjectHideFlags: 0
  m_CorrespondingSourceObject: {fileID: 0}
  m_PrefabInstance: {fileID: 0}
  m_PrefabAsset: {fileID: 0}
  m_GameObject: {fileID: 6839052048873131241}
  m_LocalRotation: {x: 0.34965742, y: -0.06463476, z: 0.022927895, w: 0.93436414}
  m_LocalPosition: {x: 7.105427e-17, y: 1.2668688, z: 0}
  m_LocalScale: {x: 1, y: 1, z: 1}
  m_Children:
  - {fileID: 6839052048872902859}
  m_Father: {fileID: 6839052048872902877}
  m_RootOrder: 0
  m_LocalEulerAnglesHint: {x: 40.4979, y: -7.8700523, z: -0.02848566}
--- !u!1 &6839052048873131243
GameObject:
  m_ObjectHideFlags: 0
  m_CorrespondingSourceObject: {fileID: 0}
  m_PrefabInstance: {fileID: 0}
  m_PrefabAsset: {fileID: 0}
  serializedVersion: 6
  m_Component:
  - component: {fileID: 6839052048872902859}
  m_Layer: 0
  m_Name: mixamorig:LeftToe_End
  m_TagString: Untagged
  m_Icon: {fileID: 0}
  m_NavMeshLayer: 0
  m_StaticEditorFlags: 0
  m_IsActive: 1
--- !u!4 &6839052048872902859
Transform:
  m_ObjectHideFlags: 0
  m_CorrespondingSourceObject: {fileID: 0}
  m_PrefabInstance: {fileID: 0}
  m_PrefabAsset: {fileID: 0}
  m_GameObject: {fileID: 6839052048873131243}
  m_LocalRotation: {x: 0, y: -0, z: -0, w: 1}
  m_LocalPosition: {x: -1.2434498e-16, y: 0.4974966, z: 1.1368684e-15}
  m_LocalScale: {x: 1, y: 1, z: 1}
  m_Children: []
  m_Father: {fileID: 6839052048872902857}
  m_RootOrder: 0
  m_LocalEulerAnglesHint: {x: 0, y: 0, z: 0}
--- !u!1 &6839052048873131245
GameObject:
  m_ObjectHideFlags: 0
  m_CorrespondingSourceObject: {fileID: 0}
  m_PrefabInstance: {fileID: 0}
  m_PrefabAsset: {fileID: 0}
  serializedVersion: 6
  m_Component:
  - component: {fileID: 6839052048872902861}
  m_Layer: 0
  m_Name: mixamorig:Neck
  m_TagString: Untagged
  m_Icon: {fileID: 0}
  m_NavMeshLayer: 0
  m_StaticEditorFlags: 0
  m_IsActive: 1
--- !u!4 &6839052048872902861
Transform:
  m_ObjectHideFlags: 0
  m_CorrespondingSourceObject: {fileID: 0}
  m_PrefabInstance: {fileID: 0}
  m_PrefabAsset: {fileID: 0}
  m_GameObject: {fileID: 6839052048873131245}
  m_LocalRotation: {x: -0.025646046, y: -0.03681437, z: 0.015456421, w: 0.9988734}
  m_LocalPosition: {x: -0, y: 0.84127647, z: -0.0000000010333353}
  m_LocalScale: {x: 1, y: 1, z: 1}
  m_Children:
  - {fileID: 6839052048872902869}
  m_Father: {fileID: 6839052048872902885}
  m_RootOrder: 1
  m_LocalEulerAnglesHint: {x: -0.5633276, y: 1.2841104, z: 0.5239006}
--- !u!1 &6839052048873131247
GameObject:
  m_ObjectHideFlags: 0
  m_CorrespondingSourceObject: {fileID: 0}
  m_PrefabInstance: {fileID: 0}
  m_PrefabAsset: {fileID: 0}
  serializedVersion: 6
  m_Component:
  - component: {fileID: 6839052048872902863}
  m_Layer: 0
  m_Name: mixamorig:LeftUpLeg
  m_TagString: Untagged
  m_Icon: {fileID: 0}
  m_NavMeshLayer: 0
  m_StaticEditorFlags: 0
  m_IsActive: 1
--- !u!4 &6839052048872902863
Transform:
  m_ObjectHideFlags: 0
  m_CorrespondingSourceObject: {fileID: 0}
  m_PrefabInstance: {fileID: 0}
  m_PrefabAsset: {fileID: 0}
  m_GameObject: {fileID: 6839052048873131247}
  m_LocalRotation: {x: -0.04273173, y: -0.65036243, z: 0.73942155, w: 0.16869688}
  m_LocalPosition: {x: 0.46677768, y: -0.31139266, z: 0.06799466}
  m_LocalScale: {x: 1, y: 1, z: 1}
  m_Children:
  - {fileID: 6839052048872902855}
  m_Father: {fileID: 6839052048872902873}
  m_RootOrder: 0
  m_LocalEulerAnglesHint: {x: 84.78381, y: 84.139786, z: -84.92789}
--- !u!1 &6839052048873131249
GameObject:
  m_ObjectHideFlags: 0
  m_CorrespondingSourceObject: {fileID: 0}
  m_PrefabInstance: {fileID: 0}
  m_PrefabAsset: {fileID: 0}
  serializedVersion: 6
  m_Component:
  - component: {fileID: 6839052048872902865}
  - component: {fileID: 6839052048876241393}
  m_Layer: 0
  m_Name: cabelo menino
  m_TagString: Untagged
  m_Icon: {fileID: 0}
  m_NavMeshLayer: 0
  m_StaticEditorFlags: 0
  m_IsActive: 1
--- !u!4 &6839052048872902865
Transform:
  m_ObjectHideFlags: 0
  m_CorrespondingSourceObject: {fileID: 0}
  m_PrefabInstance: {fileID: 0}
  m_PrefabAsset: {fileID: 0}
  m_GameObject: {fileID: 6839052048873131249}
  m_LocalRotation: {x: 0.000000099748064, y: 0.7071065, z: -0.000000099747965, w: 0.7071072}
  m_LocalPosition: {x: -0.016947363, y: 4.0612164, z: 0.88044506}
  m_LocalScale: {x: 42.0023, y: 42.0023, z: 42.0023}
  m_Children: []
  m_Father: {fileID: 6839052048872902871}
  m_RootOrder: 1
  m_LocalEulerAnglesHint: {x: 0, y: 0, z: 0}
--- !u!137 &6839052048876241393
SkinnedMeshRenderer:
  m_ObjectHideFlags: 0
  m_CorrespondingSourceObject: {fileID: 0}
  m_PrefabInstance: {fileID: 0}
  m_PrefabAsset: {fileID: 0}
  m_GameObject: {fileID: 6839052048873131249}
  m_Enabled: 1
  m_CastShadows: 1
  m_ReceiveShadows: 1
  m_DynamicOccludee: 1
  m_MotionVectors: 1
  m_LightProbeUsage: 1
  m_ReflectionProbeUsage: 1
  m_RenderingLayerMask: 1
  m_RendererPriority: 0
  m_Materials:
  - {fileID: 2100000, guid: 757637bc2d4942c4b8ec0bbbd5207463, type: 2}
  m_StaticBatchInfo:
    firstSubMesh: 0
    subMeshCount: 0
  m_StaticBatchRoot: {fileID: 0}
  m_ProbeAnchor: {fileID: 0}
  m_LightProbeVolumeOverride: {fileID: 0}
  m_ScaleInLightmap: 1
  m_PreserveUVs: 0
  m_IgnoreNormalsForChartDetection: 0
  m_ImportantGI: 0
  m_StitchLightmapSeams: 0
  m_SelectedEditorRenderState: 3
  m_MinimumChartSize: 4
  m_AutoUVMaxDistance: 0.5
  m_AutoUVMaxAngle: 89
  m_LightmapParameters: {fileID: 0}
  m_SortingLayerID: 0
  m_SortingLayer: 0
  m_SortingOrder: 0
  serializedVersion: 2
  m_Quality: 0
  m_UpdateWhenOffscreen: 0
  m_SkinnedMotionVectors: 1
  m_Mesh: {fileID: 4300000, guid: c84eb2826b49ec6499b3c1511b39b532, type: 3}
  m_Bones:
  - {fileID: 6839052048872902861}
  - {fileID: 6839052048872902869}
  - {fileID: 6839052048872902885}
  m_BlendShapeWeights: []
  m_RootBone: {fileID: 6839052048872902885}
  m_AABB:
    m_Center: {x: 0.22078896, y: 2.74047, z: -0.0006301403}
    m_Extent: {x: 2.0807252, y: 1.7615457, z: 2.267287}
  m_DirtyAABB: 0
--- !u!1 &6839052048873131251
GameObject:
  m_ObjectHideFlags: 0
  m_CorrespondingSourceObject: {fileID: 0}
  m_PrefabInstance: {fileID: 0}
  m_PrefabAsset: {fileID: 0}
  serializedVersion: 6
  m_Component:
  - component: {fileID: 6839052048872902867}
  - component: {fileID: 6839052048876241395}
  m_Layer: 0
  m_Name: cabelo menina
  m_TagString: Untagged
  m_Icon: {fileID: 0}
  m_NavMeshLayer: 0
  m_StaticEditorFlags: 0
  m_IsActive: 0
--- !u!4 &6839052048872902867
Transform:
  m_ObjectHideFlags: 0
  m_CorrespondingSourceObject: {fileID: 0}
  m_PrefabInstance: {fileID: 0}
  m_PrefabAsset: {fileID: 0}
  m_GameObject: {fileID: 6839052048873131251}
  m_LocalRotation: {x: 0.000000099748064, y: 0.7071065, z: -0.000000099747965, w: 0.7071072}
  m_LocalPosition: {x: -0.005018684, y: 4.0612164, z: 0.88044506}
  m_LocalScale: {x: 42.0023, y: 42.0023, z: 42.0023}
  m_Children: []
  m_Father: {fileID: 6839052048872902871}
  m_RootOrder: 0
  m_LocalEulerAnglesHint: {x: 0, y: 0, z: 0}
--- !u!137 &6839052048876241395
SkinnedMeshRenderer:
  m_ObjectHideFlags: 0
  m_CorrespondingSourceObject: {fileID: 0}
  m_PrefabInstance: {fileID: 0}
  m_PrefabAsset: {fileID: 0}
  m_GameObject: {fileID: 6839052048873131251}
  m_Enabled: 1
  m_CastShadows: 1
  m_ReceiveShadows: 1
  m_DynamicOccludee: 1
  m_MotionVectors: 1
  m_LightProbeUsage: 1
  m_ReflectionProbeUsage: 1
  m_RenderingLayerMask: 1
  m_RendererPriority: 0
  m_Materials:
  - {fileID: 2100000, guid: c84eb2826b49ec6499b3c1511b39b532, type: 3}
  m_StaticBatchInfo:
    firstSubMesh: 0
    subMeshCount: 0
  m_StaticBatchRoot: {fileID: 0}
  m_ProbeAnchor: {fileID: 0}
  m_LightProbeVolumeOverride: {fileID: 0}
  m_ScaleInLightmap: 1
  m_PreserveUVs: 0
  m_IgnoreNormalsForChartDetection: 0
  m_ImportantGI: 0
  m_StitchLightmapSeams: 0
  m_SelectedEditorRenderState: 3
  m_MinimumChartSize: 4
  m_AutoUVMaxDistance: 0.5
  m_AutoUVMaxAngle: 89
  m_LightmapParameters: {fileID: 0}
  m_SortingLayerID: 0
  m_SortingLayer: 0
  m_SortingOrder: 0
  serializedVersion: 2
  m_Quality: 0
  m_UpdateWhenOffscreen: 0
  m_SkinnedMotionVectors: 1
  m_Mesh: {fileID: 4300002, guid: c84eb2826b49ec6499b3c1511b39b532, type: 3}
  m_Bones:
  - {fileID: 6839052048872902861}
  - {fileID: 6839052048872902869}
  - {fileID: 6839052048872902885}
  m_BlendShapeWeights: []
  m_RootBone: {fileID: 6839052048872902885}
  m_AABB:
    m_Center: {x: -0.15026832, y: 2.6080084, z: 0.6514609}
    m_Extent: {x: 2.2115226, y: 1.7716103, z: 2.6747847}
  m_DirtyAABB: 0
--- !u!1 &6839052048873131253
GameObject:
  m_ObjectHideFlags: 0
  m_CorrespondingSourceObject: {fileID: 0}
  m_PrefabInstance: {fileID: 0}
  m_PrefabAsset: {fileID: 0}
  serializedVersion: 6
  m_Component:
  - component: {fileID: 6839052048872902869}
  m_Layer: 0
  m_Name: mixamorig:Head
  m_TagString: Untagged
  m_Icon: {fileID: 0}
  m_NavMeshLayer: 0
  m_StaticEditorFlags: 0
  m_IsActive: 1
--- !u!4 &6839052048872902869
Transform:
  m_ObjectHideFlags: 0
  m_CorrespondingSourceObject: {fileID: 0}
  m_PrefabInstance: {fileID: 0}
  m_PrefabAsset: {fileID: 0}
  m_GameObject: {fileID: 6839052048873131253}
  m_LocalRotation: {x: 0.088080265, y: -0.21806069, z: -0.07838263, w: 0.96878666}
  m_LocalPosition: {x: -5.551115e-17, y: 0.44938385, z: 0.03031393}
  m_LocalScale: {x: 1, y: 1, z: 1}
  m_Children:
  - {fileID: 6839052048872902875}
  m_Father: {fileID: 6839052048872902861}
  m_RootOrder: 0
  m_LocalEulerAnglesHint: {x: 9.016085, y: 4.3305273, z: -4.615508}
--- !u!1 &6839052048873131255
GameObject:
  m_ObjectHideFlags: 0
  m_CorrespondingSourceObject: {fileID: 0}
  m_PrefabInstance: {fileID: 0}
  m_PrefabAsset: {fileID: 0}
  serializedVersion: 6
  m_Component:
  - component: {fileID: 6839052048872902871}
  - component: {fileID: 6839052048880434995}
  m_Layer: 0
  m_Name: crianca sentada 2
  m_TagString: Untagged
  m_Icon: {fileID: 0}
  m_NavMeshLayer: 0
  m_StaticEditorFlags: 0
  m_IsActive: 1
--- !u!4 &6839052048872902871
Transform:
  m_ObjectHideFlags: 0
  m_CorrespondingSourceObject: {fileID: 0}
  m_PrefabInstance: {fileID: 0}
  m_PrefabAsset: {fileID: 0}
  m_GameObject: {fileID: 6839052048873131255}
  m_LocalRotation: {x: 0, y: 0.49229443, z: 0, w: 0.8704288}
  m_LocalPosition: {x: -391.14, y: 6.18, z: -606.32}
  m_LocalScale: {x: 0.25, y: 0.25, z: 0.25}
  m_Children:
  - {fileID: 6839052048872902867}
  - {fileID: 6839052048872902865}
  - {fileID: 6839052048872902873}
  - {fileID: 6839052048872902891}
  m_Father: {fileID: 0}
  m_RootOrder: 0
  m_LocalEulerAnglesHint: {x: 0, y: 58.983, z: 0}
--- !u!95 &6839052048880434995
Animator:
  serializedVersion: 3
  m_ObjectHideFlags: 0
  m_CorrespondingSourceObject: {fileID: 0}
  m_PrefabInstance: {fileID: 0}
  m_PrefabAsset: {fileID: 0}
  m_GameObject: {fileID: 6839052048873131255}
  m_Enabled: 1
  m_Avatar: {fileID: 9000000, guid: c84eb2826b49ec6499b3c1511b39b532, type: 3}
  m_Controller: {fileID: 9100000, guid: 35b1b4f8e366820448daf8f99bd3a3ea, type: 2}
  m_CullingMode: 1
  m_UpdateMode: 0
  m_ApplyRootMotion: 0
  m_LinearVelocityBlending: 0
  m_WarningMessage: 
  m_HasTransformHierarchy: 1
  m_AllowConstantClipSamplingOptimization: 1
  m_KeepAnimatorControllerStateOnDisable: 0
--- !u!1 &6839052048873131257
GameObject:
  m_ObjectHideFlags: 0
  m_CorrespondingSourceObject: {fileID: 0}
  m_PrefabInstance: {fileID: 0}
  m_PrefabAsset: {fileID: 0}
  serializedVersion: 6
  m_Component:
  - component: {fileID: 6839052048872902873}
  m_Layer: 0
  m_Name: mixamorig:Hips
  m_TagString: Untagged
  m_Icon: {fileID: 0}
  m_NavMeshLayer: 0
  m_StaticEditorFlags: 0
  m_IsActive: 1
--- !u!4 &6839052048872902873
Transform:
  m_ObjectHideFlags: 0
  m_CorrespondingSourceObject: {fileID: 0}
  m_PrefabInstance: {fileID: 0}
  m_PrefabAsset: {fileID: 0}
  m_GameObject: {fileID: 6839052048873131257}
  m_LocalRotation: {x: 0.014488089, y: 0.9871643, z: -0.15904532, w: 0.0011484592}
  m_LocalPosition: {x: -0.0395054, y: 3.6344786, z: -0.03667442}
  m_LocalScale: {x: 1, y: 1, z: 1}
  m_Children:
  - {fileID: 6839052048872902863}
  - {fileID: 6839052048872902883}
  - {fileID: 6839052048872902881}
  m_Father: {fileID: 6839052048872902871}
  m_RootOrder: 2
  m_LocalEulerAnglesHint: {x: -0.21860442, y: 106.7374, z: 1.3150845}
--- !u!1 &6839052048873131259
GameObject:
  m_ObjectHideFlags: 0
  m_CorrespondingSourceObject: {fileID: 0}
  m_PrefabInstance: {fileID: 0}
  m_PrefabAsset: {fileID: 0}
  serializedVersion: 6
  m_Component:
  - component: {fileID: 6839052048872902875}
  m_Layer: 0
  m_Name: mixamorig:HeadTop_End
  m_TagString: Untagged
  m_Icon: {fileID: 0}
  m_NavMeshLayer: 0
  m_StaticEditorFlags: 0
  m_IsActive: 1
--- !u!4 &6839052048872902875
Transform:
  m_ObjectHideFlags: 0
  m_CorrespondingSourceObject: {fileID: 0}
  m_PrefabInstance: {fileID: 0}
  m_PrefabAsset: {fileID: 0}
  m_GameObject: {fileID: 6839052048873131259}
  m_LocalRotation: {x: 0, y: -0, z: -0, w: 1}
  m_LocalPosition: {x: -3.2640555e-16, y: 2.656553, z: 0.17920215}
  m_LocalScale: {x: 1, y: 1, z: 1}
  m_Children: []
  m_Father: {fileID: 6839052048872902869}
  m_RootOrder: 0
  m_LocalEulerAnglesHint: {x: 0, y: 0, z: 0}
--- !u!1 &6839052048873131261
GameObject:
  m_ObjectHideFlags: 0
  m_CorrespondingSourceObject: {fileID: 0}
  m_PrefabInstance: {fileID: 0}
  m_PrefabAsset: {fileID: 0}
  serializedVersion: 6
  m_Component:
  - component: {fileID: 6839052048872902877}
  m_Layer: 0
  m_Name: mixamorig:LeftFoot
  m_TagString: Untagged
  m_Icon: {fileID: 0}
  m_NavMeshLayer: 0
  m_StaticEditorFlags: 0
  m_IsActive: 1
--- !u!4 &6839052048872902877
Transform:
  m_ObjectHideFlags: 0
  m_CorrespondingSourceObject: {fileID: 0}
  m_PrefabInstance: {fileID: 0}
  m_PrefabAsset: {fileID: 0}
  m_GameObject: {fileID: 6839052048873131261}
  m_LocalRotation: {x: 0.01937579, y: 0.975589, z: -0.21582924, w: 0.035616033}
  m_LocalPosition: {x: 7.105427e-17, y: 2.4977624, z: 3.5527136e-17}
  m_LocalScale: {x: 1, y: 1, z: 1}
  m_Children:
  - {fileID: 6839052048872902857}
  m_Father: {fileID: 6839052048872902855}
  m_RootOrder: 0
  m_LocalEulerAnglesHint: {x: 46.79584, y: 173.23225, z: 5.582949}
--- !u!1 &6839052048873131263
GameObject:
  m_ObjectHideFlags: 0
  m_CorrespondingSourceObject: {fileID: 0}
  m_PrefabInstance: {fileID: 0}
  m_PrefabAsset: {fileID: 0}
  serializedVersion: 6
  m_Component:
  - component: {fileID: 6839052048872902879}
  m_Layer: 0
  m_Name: mixamorig:LeftArm
  m_TagString: Untagged
  m_Icon: {fileID: 0}
  m_NavMeshLayer: 0
  m_StaticEditorFlags: 0
  m_IsActive: 1
--- !u!4 &6839052048872902879
Transform:
  m_ObjectHideFlags: 0
  m_CorrespondingSourceObject: {fileID: 0}
  m_PrefabInstance: {fileID: 0}
  m_PrefabAsset: {fileID: 0}
  m_GameObject: {fileID: 6839052048873131263}
  m_LocalRotation: {x: 0.28215238, y: 0.84671026, z: 0.39069483, w: -0.22545384}
  m_LocalPosition: {x: -0, y: 0.7799138, z: -2.842171e-16}
  m_LocalScale: {x: 1, y: 1, z: 1}
  m_Children:
  - {fileID: 6839052048872902851}
  m_Father: {fileID: 6839052048872902853}
  m_RootOrder: 0
  m_LocalEulerAnglesHint: {x: -39.579945, y: 153.76382, z: 24.186825}
